3497 5313
1064 510 1520 557 ooMPAmson
1568 513 1767 557 wrm
1814 512 1907 556 LA
1954 512 2461 559 TRAPPOLARIA.
2880 492 2965 554 31

849 677 936 728 LA
973 677 1392 729 Tumulus.

574 767 806 829 Quando
844 782 1101 820 eravamo
1138 768 1198 819 in
1238 768 1558 830 Barcelona,
1598 782 1718 819 con-

646 855 946 904 sertammo
973 853 1073 919 pin
1099 852 1248 904 volte
1279 852 1508 904 insieme
1538 853 1641 903 dar
1667 852 1719 902 le

645 937 753 988 due
813 935 1011 988 sorelle
1069 952 1106 988 a
1164 937 1255 988 voi
1313 937 1425 987 duo
1485 936 1719 999 fratelli,

644 1021 841 1088 perche
874 1021 1101 1072 essendo
1131 1021 1379 1072 bambini
1409 1020 1720 1072 v'amavate

645 1120 747 1157 con
781 1107 946 1156 tanto
979 1106 1195 1166 ardore,
1228 1104 1412 1157 ch’era
1443 1119 1558 1156 una
1593 1119 1722 1156 cosa

645 1189 920 1251 mirabile,
960 1189 1105 1240 oltre
1143 1189 1244 1241 che
1284 1204 1354 1241 ne
1394 1190 1467 1252 io,
1508 1204 1579 1240 ne
1617 1190 1721 1240 tua

646 1274 853 1336 madre,
883 1288 952 1325 ne
981 1275 1141 1325 tutto
1169 1274 1214 1324 il
1243 1274 1442 1326 mondo
1474 1273 1721 1335 insieme,

646 1358 974 1410 v’haurebbe
1021 1360 1223 1425 potuto
1268 1357 1486 1424 elegger
1532 1356 1721 1424 mogli,

648 1457 797 1494 come
846 1443 1043 1509 quelle,
1091 1441 1286 1504 nobili,
1333 1442 1491 1504 belle,
1541 1441 1722 1493 rioche

646 1541 675 1578 e
713 1527 1119 1578 honestissime.
1210 1526 1409 1578 Donna
1446 1525 1724 1592 Eufragia

650 1616 685 1663 a
717 1611 813 1678 gia
845 1611 1118 1662 maritata
1154 1625 1257 1662 con
1290 1610 1463 1674 Lelio,
1497 1626 1527 1662 e
1562 1626 1621 1662 se
1655 1613 1724 1661 tu

649 1696 788 1747 fossi
815 1697 970 1746 stato
997 1696 1057 1746 in
1086 1694 1409 1758 Barcelona,
1435 1695 1586 1747 forse
1610 1709 1723 1746 non

648 1781 873 1831 sarebbe
930 1781 1085 1831 stata
1141 1780 1382 1831 rubbata
1434 1794 1466 1830 e
1520 1779 1722 1830 faresti

647 1864 857 1916 marito
894 1864 951 1916 di
989 1865 1188 1916 Donna
1224 1863 1436 1915 Elvira.

579 3463 707 3514 Ars.
787 3461 931 3513 V’ho
958 3461 1141 3513 inteso
1169 3462 1259 3514 dir
1285 3463 1481 3529 questo
1508 3461 1727 3514 almeno

651 3546 956 3613 cinquanta
989 3545 1157 3598 volte.

581 3630 700 3683 Gal.
787 3630 908 3681 Hor
938 3630 1190 3682 havendo
1219 3630 1316 3697 gia
1345 3629 1640 3682 districate
1673 3628 1727 3680 le

649 3714 761 3765 mie
806 3714 1025 3766 facult&
1072 3714 1144 3766 da
1189 3714 1472 3776 creditori,
1520 3729 1577 3765 se
1620 3714 1727 3765 ben

654 3798 753 3865 piu
783 3798 937 3850 tardi
969 3803 1138 3861 assat,
1169 3798 1270 3851 che
1300 3812 1413 3850 non
1444 3798 1729 3862 istimava,

652 3897 763 3934 non
793 3897 892 3933 son
921 3882 1005 3934 ito
1032 3897 1067 3934 a
1095 3882 1249 3934 torla
1274 3881 1347 3945 io,
1376 3897 1446 3934 ne
1473 3882 1547 3935 ho
1573 3898 1727 3934 man-

651 3966 781 4018 dalo
813 3965 952 4018 altri
984 3980 1083 4034 per
1113 3966 1205 4028 lei,
1237 3967 1526 4035 sperando,
1560 3966 1726 4033 hoggi

650 4051 730 4102 mi
755 4052 922 4117 parto
944 4051 1017 4112 io,
1041 4051 1263 4102 domani
1289 4051 1491 4102 mando
1513 4064 1613 4118 per
1634 4050 1726 4113 lei,

651 4150 752 4187 son
781 4135 877 4202 gia
908 4135 1128 4201 passati
1159 4134 1409 4201 quindici
1440 4134 1592 4197 anni,
1623 4135 1729 4186 hor

650 4218 709 4271 la
742 4221 836 4271 eta
869 4219 946 4270 mi
981 4219 1053 4270 da
1085 4220 1263 4271 molta
1295 4217 1719 4280 incommodita3

653 4319 684 4355 e
727 4302 953 4355 muanzi
996 4305 1183 4370 tempo
1227 4302 1305 4354 mi
1348 4303 1423 4355 da
1465 4302 1488 4354 i
1533 4303 1728 4354 difetti

652 4388 740 4440 del
781 4389 995 4455 temp03
1044 4387 1183 4439 onde
1223 4387 1283 4438 la
1322 4400 1607 4453 promessa
1645 4387 1726 4439 mi

651 4472 854 4539 obliga,
886 4472 984 4523 che
1012 4471 1204 4523 mandi
1237 4473 1295 4523 te
1327 4470 1389 4522 in
1420 4470 1728 4523 Bracelona

650 4572 685 4609 a
730 4556 1000 4608 condurla.
1040 4556 1101 4607 in
1142 4555 1368 4623 Napoli,
1410 4554 1510 4606 che
1550 4555 1727 4606 molto

655 4640 907 4693 desidera
959 4639 1291 4707 repatriare,
1340 4655 1372 4691 e
1423 4653 1523 4691 son
1574 4638 1728 4691 tanti

2236 678 2604 733 Iononums.

1825 770 1986 820 The0.
2097 769 2339 821 Scilicet.
2449 771 2701 838 Namque
2756 785 2855 837 ego
2910 772 2970 822 et

1894 868 2035 903 uxor
2066 854 2406 905 decrevimus
2434 854 2669 920 jamdiu,

1824 937 1980 988 Duas
2013 937 2145 988 illas
2179 953 2248 989 ex
2282 939 2460 1004 priori
2493 953 2663 989 uxore
2697 938 2864 1001 filias,

1824 1022 1976 1084 Quas
2025 1022 2144 1075 dixi
2195 1022 2418 1084 Manlii,
2469 1022 2625 1075 vobis
2675 1023 2968 1090 innuptias

1894 1106 2045 1157 dare.

1823 1190 1937 1242 Vos
2011 1190 2130 1242 illis
2204 1191 2395 1258 itaque
2468 1191 2860 1259 despondimus
2934 1207 2970 1242 a

1894 1275 2165 1341 parvulis,

1822 1359 2109 1411 Antonino
2163 1359 2359 1427 utique
2415 1359 2798 1422 Catharinam,
2853 1360 2968 1411 Isa-

1894 1443 2098 1495 bellam
2127 1443 2252 1495 tibi.

1830 1948 1935 1999 Sed
1982 1947 2188 1998 misera
2237 1948 2480 2000 Isabella
2529 1948 2815 2000 destinata
2861 1948 2971 2000 tibi

1897 2031 2085 2098 periit.

1826 2116 2209 2167 Nutriabatur
2257 2116 2363 2168 illa
2407 2115 2752 2178 Detfordiae,
2800 2130 2970 2185 prope

1896 2199 2221 2261 Thamesim

1824 2284 1915 2336 Ibi
1939 2299 2056 2336 una
2074 2299 2199 2337 cum
2216 2284 2436 2336 nutrice
2462 2284 2581 2352 jam
2597 2284 2973 2353 quadrimula,

1829 2368 1939 2420 Seu
1983 2369 2265 2435 subrepta,
2310 2384 2409 2421 seu
2452 2369 2754 2430 submersa,
2799 2369 2973 2436 periit

1898 2453 2286 2505 novemdecim.

1826 2537 2044 2589 Abhinc
2072 2538 2254 2588 annis.

1827 2623 1961 2675 Ant.
2060 2620 2427 2675 Catharinam
2471 2636 2640 2690 quam
2682 2635 2972 2682 memoras,

1898 2708 2078 2774 pater,
2120 2706 2424 2758 Vidistin'?

1830 2793 1992 2843 Theo.
2116 2791 2434 2858 Nunquam,
2504 2805 2742 2857 namque
2812 2789 2973 2841 illam

1898 2874 2059 2926 illius
2090 2875 2221 2926 avia

1829 2959 2136 3020 Educabat,
2164 2975 2200 3010 a
2227 2958 2386 3010 nobis
2413 2957 2574 3025 longe
2602 2957 2664 3009 in
2690 2957 2965 3009 Devonia:

1829 3044 2073 3095 Tantum
2104 3044 2209 3104 est,
2242 3042 2343 3104 fili,
2379 3041 2528 3094 Sci'n
2559 3042 2677 3108 jam
2709 3041 2845 3109 quid
2878 3041 2973 3102 sit,

1900 3128 2045 3195 quod
2075 3128 2132 3178 te
2159 3126 2363 3178 velim?

1830 3214 1962 3264 Ant.
2016 3211 2293 3273 Nondum,
2321 3210 2685 3277 pater3—sed
2710 3209 2759 3262 si
2786 3209 2847 3262 id
2870 3210 2976 3272 est,

1898 3296 2061 3363 quod,
2096 3295 2364 3362 suspicor,
2398 3294 2557 3374 perii.
