3497 5313
574 462 663 527 30

852 649 935 702 LA
972 649 1392 704 Taurorum.

1545 490 1980 537 IGNORAMUS.

2237 656 2603 711 IGNORAMUS.

1824 744 2160 795 Antoninus,
2270 745 2464 797 Eratis
2518 747 2710 797 autem
2761 746 2970 813 gemini

1895 828 2056 894 pueri

1825 912 2029 963 Forma
2090 914 2212 964 tam
2274 913 2450 965 simili
2512 915 2581 965 ut
2644 914 2969 966 dimidiatos

1896 996 2144 1047 dicerent
2153 1015 2171 1058 3

1825 1079 1939 1130 Vos
1978 1095 2153 1147 neque
2193 1095 2310 1147 ego,
2348 1096 2523 1148 neque
2562 1083 2760 1145 mater,
2800 1082 2970 1133 inter·

1893 1165 2251 1227 noscerimus,
2280 1164 2435 1228 adeo,

1824 1249 1950 1300 Nisi
1998 1249 2285 1301 Antonino
2332 1249 2422 1300 hie
2468 1249 2666 1301 dextra
2712 1250 2770 1300 in
2817 1249 2968 1301 mala

1894 1333 2182 1394 naevulus,

1823 1417 1982 1469 Unde
2018 1417 2197 1468 alium
2230 1417 2302 1468 ab
2335 1416 2466 1480 alio,
2502 1417 2655 1469 haud
2687 1417 2851 1480 alias,
2886 1418 2967 1468 in-

1894 1501 2255 1552 ternovimus.

1824 1585 2121 1636 Caeterum
2153 1600 2253 1651 ego
2285 1588 2415 1652 post
2446 1584 2667 1653 aliquot
2699 1599 2874 1637 annos
2908 1585 2969 1636 in

1892 1669 2141 1734 patriam

1822 1750 2079 1815 Rediens,
2146 1753 2306 1804 illine
2371 1754 2427 1804 te
2494 1768 2783 1804 sexennem
2850 1753 2967 1820 jam

1893 1851 2105 1888 mecum
2137 1836 2326 1888 aveho.

1823 1921 1901 1973 At
1944 1921 2180 1972 fratrem
2223 1920 2588 1984 Antoninum,
2631 1936 2756 1974 eum
2797 1922 2967 1973 Doro·

1893 2004 2026 2056 thea
2060 2004 2245 2066 simul,

1822 2088 2045 2156 Reliqui
2081 2088 2337 2150 Londini,
2373 2088 2537 2140 annis
2575 2088 2775 2140 abhinc
2811 2089 2966 2156 quin·

1894 2173 2092 2224 decem.

1821 2257 2074 2323 Namque
2113 2257 2204 2308 uti
2242 2271 2342 2324 per
2379 2257 2676 2308 Franciam
2712 2257 2824 2308 iter
2860 2256 2968 2307 huo

1892 2341 2237 2407 perreximus

1821 2425 2021 2491 Anglis
2050 2441 2177 2476 eum
2210 2425 2440 2476 Francis
2469 2424 2677 2475 bellum
2709 2424 2968 2492 undique,

1823 2509 1991 2576 Capti
2030 2524 2222 2560 sumus

1821 2593 2007 2661 Igitur
2031 2595 2101 2645 ab
2126 2593 2380 2644 hostibus
2392 2610 2408 2654 ς
2438 2607 2611 2661 neque
2634 2607 2732 2644 sex
2755 2606 2967 2644 menses

1892 2677 2021 2744 plus
2053 2680 2156 2739 est,

1821 2762 2020 2824 Quum,
2054 2776 2189 2828 paee
2219 2761 2484 2829 utrinque
2516 2762 2681 2824 inita,
2715 2776 2833 2812 esse
2865 2776 2967 2812 nos

1892 2845 2095 2897 liberos
2129 2846 2341 2898 sinunt.

1820 2930 1985 2981 Liber
2031 2933 2099 2981 ut
2143 2931 2247 2992 fui,
2294 2929 2609 2997 cogitabam
2653 2929 2967 2981 Londinum

1892 3013 2087 3076 indies,

1819 3098 2159 3150 Dorotheam
2189 3113 2367 3149 meam
2396 3099 2465 3149 ut
2493 3098 2804 3149 reviserem.
2885 3098 2967 3149 At

1891 3182 2082 3249 pravis
2119 3182 2320 3233 litibus

1819 3265 2096 3318 Detentus
2144 3265 2234 3317 hie
2281 3264 2565 3332 ingratiis,
2612 3280 2788 3333 usque
2834 3266 2969 3317 dum

1890 3351 2107 3412 haereo,

1820 3434 1897 3486 Et
1943 3449 2135 3502 usque,
2180 3435 2239 3486 et
2281 3449 2463 3501 esque.
2534 3434 2581 3486 Ο
2627 3434 2967 3486 Laernaeam

1889 3534 2018 3569 vere
2055 3518 2296 3571 sobolem

1820 3602 2321 3669 Pragmatieorum,
2358 3602 2456 3670 qui
2493 3602 2625 3654 lites
2661 3617 2729 3654 ex
2765 3603 2965 3654 litibus

1891 3688 2086 3738 serunt

1819 3771 2159 3823 Mortalibus
2240 3761 2666 3822 immortaliter!
2809 3769 2965 3821 Lites

1818 3939 2073 3990 Macrum
2138 3938 2441 3990 arbitrium
2506 3938 2691 4006 opimo
2754 3937 2966 4005 judicio

1890 4022 2082 4090 potius
2113 4024 2218 4074 est.

1818 4107 2115 4169 Memento,
2147 4107 2250 4157 fili.

1819 4193 1953 4242 Ant.
2041 4190 2290 4252 Memini,
2325 4189 2513 4243 Pater.

1823 4276 1983 4326 TheO.
2065 4275 2213 4342 Ergo
2239 4275 2372 4327 dum
2396 4274 2546 4326 lieet.

1818 4359 2063 4411 Matrem
2116 4374 2263 4410 nune
2314 4360 2475 4410 tuam
2527 4358 2714 4410 videre
2767 4357 2964 4424 gestio,

1891 4443 2249 4509 fratremque,
2278 4443 2338 4493 et
2366 4457 2565 4493 novam

1819 4527 1987 4578 Illius
2014 4529 2269 4593 nuptam.

1821 4613 1953 4663 Ant.
2081 4611 2226 4662 Eum
2298 4609 2522 4662 duxisse
2598 4608 2967 4663 catharinam

1891 4696 2100 4747 ferunt.
