3497 5313
560 436 646 500 28
1529 464 1964 508 IGNORAMUS.

863 627 950 678 LA
978 626 1396 679 Tauromn.

560 710 645 761 Se.
677 710 723 773 1,
761 712 807 762 1.

560 794 678 847 Gal.
786 796 856 847 Se
906 795 1022 848 mai
1074 794 1407 848 l’ubidienza
1457 797 1571 848 feoe
1624 811 1704 848 un

630 880 784 948 figlio
835 880 891 931 al
945 895 1049 932 suo
1097 881 1269 947 padre
1318 882 1421 932 ben
1474 896 1619 943 earo,
1673 896 1703 931 e

628 964 954 1026 amorevole,
1014 964 1134 1016 hor’
1193 965 1431 1017 Arsenio
1491 965 1701 1032 figlivol

630 1048 760 1111 mio,
806 1048 1213 1115 l’importanza,
1256 1064 1287 1101 e
1328 1048 1388 1100 la
1432 1050 1705 1101 necessita

628 1132 717 1184 del
763 1133 916 1186 fatto
960 1134 1009 1184 ti
1057 1148 1302 1200 porgono
1346 1134 1497 1185 assai
1543 1134 1703 1202 largo

628 1233 822 1284 eampo
874 1217 933 1269 di
983 1220 1229 1270 mostrar
1280 1217 1620 1280 l’offerunza,
1672 1232 1703 1267 e

628 1301 842 1363 l’amor,
890 1302 986 1352 ohe
1034 1305 1103 1353 tu
1147 1302 1227 1353 mi
1275 1303 1453 1369 porti:
1510 1303 1701 1370 poiche

627 1386 877 1452 l’empito
915 1386 1044 1437 dell'
1082 1401 1196 1438 una
1235 1402 1264 1437 e
1302 1385 1585 1438 dell’altra
1622 1386 1702 1438 mi

631 1470 816 1521 sforza
854 1485 890 1521 a
925 1470 1161 1521 valermi
1199 1470 1347 1523 della
1384 1472 1491 1522 tua
1527 1471 1704 1522 ubidi-

627 1569 778 1606 enza.

558 1641 684 1691 Are.
773 1638 1083 1691 Callifrone
1114 1640 1226 1692 mio
1260 1654 1389 1692 caro
1421 1640 1609 1707 padre,
1644 1654 1701 1690 se

629 1724 688 1775 in
734 1726 891 1776 tutto
936 1724 978 1774 il
1026 1739 1182 1777 corso
1227 1723 1374 1776 della
1419 1724 1535 1777 mia
1578 1724 1702 1775 vita

627 1807 826 1859 havete
857 1808 1105 1860 rieevuto
1135 1791 1209 1860 da
1237 1822 1324 1860 me
1353 1808 1500 1860 tutti
1529 1807 1702 1874 quelli

627 1892 773 1943 uffiei
823 1892 882 1944 di
931 1893 1160 1955 servitu,
1208 1908 1238 1943 e
1286 1893 1344 1945 di
1391 1892 1702 1953 ubidienza,

629 1977 726 2028 ohe
764 1977 836 2028 da
872 1977 1027 2042 figlio
1064 1977 1340 2028 amorevol
1380 1977 1430 2028 si
1467 1991 1702 2043 possono

630 2060 959 2122 desiderare,
992 2076 1060 2112 ne
1093 2061 1278 2128 apex-si
1313 2061 1366 2111 le
1397 2061 1555 2113 labro
1588 2061 1702 2111 mai

631 2145 691 2196 in
747 2145 1035 2196 contradir
1092 2145 1149 2196 al
1206 2147 1398 2197 vostro
1452 2145 1704 2212 imperio,

632 2229 830 2296 perche
873 2229 1015 2280 hora
1058 2229 1415 2281 diffidandovi
1460 2230 1518 2280 di
1564 2245 1704 2281 oom-

629 2313 886 2364 andarmi
934 2315 1098 2365 usate
1148 2329 1248 2365 con
1296 2330 1383 2366 me
1433 2315 1482 2365 si
1533 2314 1704 2380 lungo

628 2398 891 2465 prologo?

562 4086 680 4139 Gal.
788 4086 1020 4137 Aseolta
1075 4085 1260 4152 prima
1314 4083 1707 4152 l’importanza

631 4170 720 4223 del
753 4170 975 4237 negotio
1006 4184 1037 4221 e
1068 4170 1161 4238 poi
1195 4169 1380 4237 quello
1411 4169 1508 4221 che
1542 4169 1614 4220 da
1646 4170 1705 4220 te

633 4255 856 4317 ricereo,
890 4269 1075 4321 penso,
1106 4254 1205 4306 che
1232 4252 1397 4305 harai
1428 4254 1526 4322 piu
1554 4253 1706 4306 volte

632 4340 815 4392 inteso
873 4340 947 4391 da
1003 4354 1108 4401 me,
1167 4352 1317 4391 eome
1375 4352 1476 4406 per
1532 4337 1704 4390 molte

633 4424 864 4486 sicui-ta,
903 4423 1002 4475 ohe
1040 4423 1147 4475 feei
1187 4422 1284 4490 qui
1321 4421 1384 4475 in
1423 4422 1630 4490 Napoli
1669 4438 1706 4473 a

630 4509 836 4561 diversi
896 4508 1030 4559 miei
1091 4507 1276 4570 amici,
1337 4507 1425 4560 fui
1487 4508 1705 4559 sorzato

633 4593 975 4660 partirmene
1009 4608 1039 4644 e
1073 4592 1252 4644 andar
1287 4592 1349 4643 in
1382 4591 1705 4652 Bareelona,

2195 629 2562 681 Iunonum&

1808 713 1892 765 Se.
1925 713 1972 775 I,
2009 715 2056 765 1.

1809 799 1969 849 Theo.
2053 797 2270 866 Ergone
2300 798 2632 865 obsequeris,
2664 796 2783 848 fili?

1806 1643 1938 1692 Ant.
2028 1641 2200 1694 Pater
2232 1658 2307 1704 es,
2342 1643 2477 1710 quid
2509 1644 2594 1695 vis
2630 1644 2775 1711 jube.

1809 2487 1969 2537 Theo.
2057 2485 2226 2552 Euge,
2258 2485 2365 2536 fiili
2397 2485 2635 2537 Antoni!

1809 2569 1956 2630 Quin
1993 2570 2061 2621 tu
2101 2569 2344 2636 primum
2382 2569 2646 2631 omnium,
2684 2568 2820 2635 quid
2858 2567 2953 2630 sit,

1876 2653 2024 2722 quod
2048 2656 2106 2707 te
2132 2653 2301 2706 velim

1808 2738 2127 2806 Quantique
2194 2738 2497 2805 negotium,
2568 2738 2761 2805 paucis
2828 2753 2953 2789 aus·

1877 2823 2031 2875 culta
2065 2823 2224 2875 mihi.

1805 2908 2046 2959 Audisse
2079 2908 2138 2959 te
2173 2922 2272 2974 per
2306 2906 2567 2959 nebulam
2601 2906 2763 2959 eredo
2798 2908 2950 2959 ante·

1876 2992 1997 3054 hae,
3021 2991 3028 3000 ‘

1806 3076 1854 3128 E
1880 3076 2130 3129 Londino
2155 3076 2247 3128 uti
2271 3075 2555 3127 Mercator
2578 3092 2615 3127 a
2639 3089 2726 3127 me
2752 3075 2951 3127 Burdi-

1875 3160 2038 3226 galae
2068 3160 2159 3212 hie

1805 3245 2072 3311 Magnam
2140 3245 2422 3296 mercatus
2492 3245 2580 3295 est
2648 3243 2763 3295 vim
2831 3241 2952 3295 vini

1877 3329 2099 3391 nobilis,

1808 3414 2019 3467 Grandi
2082 3414 2144 3467 id
2201 3413 2453 3481 pecunia,
2514 3413 2612 3465 sed
2669 3410 2952 3480 praesenti

1877 3497 2232 3565 neutiquam:

1810 3582 2026 3649 Quippe
2081 3581 2310 3649 scripsit
2363 3595 2645 3632 nummos:
2708 3579 2956 3648 scripsit,

1877 3682 1989 3718 non
2021 3665 2200 3718 solvet
2230 3667 2438 3718 tamen.

1807 3751 1909 3812 Tu,
1957 3750 2059 3811 fili,
2106 3750 2189 3802 nil
2236 3750 2423 3812 erede3
2477 3749 2569 3801 hie
2615 3762 2818 3800 nervus
2865 3748 2954 3800 est

1878 3834 2216 3901 sapientiam

1807 3918 2132 3985 Intellegis?

1807 4006 1941 4055 Ant.
2009 4004 2195 4064 Recte,
2226 4003 2416 4071 pater=
2454 4016 2635 4068 perge,
2668 4001 2719 4053 si
2750 4000 2951 4069 plaeet.

1810 4089 1971 4138 Theo.
2055 4086 2191 4153 Ego,
2220 4088 2287 4139 ut
2319 4086 2370 4138 is
2400 4085 2767 4138 Londinensis
2797 4083 2952 4137 fefel-

1878 4171 2039 4223 lisset
2068 4171 2249 4232 fidem,

1809 4256 1955 4307 Hine
2010 4270 2073 4307 eo
2125 4254 2441 4306 Londinum
2496 4255 2667 4316 reeta,
2721 4252 2811 4306 uti
2866 4268 2952 4305 ar-

1877 4342 2106 4407 gentum
2138 4339 2373 4406 exigam.

1810 4424 1896 4475 Ibi
1951 4424 2084 4475 dum
2137 4424 2196 4475 id
2249 4422 2461 4490 flagito,
2515 4423 2647 4475 dum
2701 4421 2750 4473 is
2803 4422 2953 4474 lente

1877 4523 2076 4562 nomen
2106 4507 2348 4577 expedit,

1803 4594 1906 4645 Fio
1929 4594 2144 4644 interea
2169 4591 2474 4645 familiaris
2497 4590 2759 4659 populari
2782 4602 2953 4654 meae,
